<record><leader>00000cas a22000007a 4500</leader><controlfield tag="001">18356740</controlfield><controlfield tag="008">880816u1906uuuutxuuu ne      0    0eng d</controlfield><controlfield tag="009">6576</controlfield><datafield ind1=" " ind2=" " tag="010"><subfield code="a">sn 88084064 </subfield></datafield><datafield ind1=" " ind2=" " tag="040"><subfield code="a">PPM</subfield><subfield code="b">eng</subfield><subfield code="c">PPM</subfield></datafield><datafield ind1="1" ind2=" " tag="029"><subfield code="a">AU@</subfield><subfield code="b">000025806214</subfield></datafield><datafield ind1=" " ind2=" " tag="042"><subfield code="a">msc</subfield></datafield><datafield ind1="0" ind2="4" tag="245"><subfield code="a">The Terminal advance.</subfield></datafield><datafield ind1=" " ind2=" " tag="260"><subfield code="a">White Flat, Tex. :</subfield><subfield code="b">[s.n.],</subfield><subfield code="c">1906-</subfield></datafield><datafield ind1="0" ind2=" " tag="362"><subfield code="a">Vol. 1, no. 1 (Sept. 1, 1906)-</subfield></datafield><datafield ind1=" " ind2=" " tag="752"><subfield code="a">United States</subfield><subfield code="b">Texas</subfield><subfield code="c">Fisher</subfield><subfield code="d">White Flat.</subfield></datafield></record>